
% Exponential random graph models

@article{Sni+06,
	journal = "Sociological Methodology",
	pages = "99-153",
	volume = "36",
	publisher = "American Sociological Association",
	year = "2006",
	title = "New Specifications for Exponential Random Graph Models",
	language = "eng",
	address = "Washington",
	author = "Snijders, Tom and Pattison, Philippa and Robins, Garry and Handcock, Mark",
	keywords = "Specifications ; Statistical Analysis ; Stochastic Models ; Graph Algorithms ; Social Networks",
	month = "January",
}

@article{HH06,
	journal = "Journal of Computational and Graphical Statistics",
	pages = "565--583",
	volume = "15",
	publisher = "Taylor \& Francis",
	number = "3",
	year = "2006",
	title = "Inference in Curved Exponential Family Models for Networks",
	language = "eng",
	author = "Hunter, David R and Handcock, Mark S",
	keywords = "Exponential Random Graph Model ; Markov Chain Monte Carlo ; Maximum Likelihood Estimation ; -Star Model",
	month = "September",
}

@article{AGZF09,
	volume = "2",
	publisher = "Springer Verlag",
	number = "2",
	year = "2009",
	title = "A Survey of Statistical Network Models",
	language = "eng",
	author = "Airoldi, Edoardo Maria and Goldenberg, Anna and Zheng, Alice and Fienberg, Stephen",
	keywords = "Computer Science;",
	issn = "0885-6125",
	journal = "Machine Learning -Boston-",
}

@article{FS86,
	volume = "81",
	publisher = "American Statistical Association",
	year = "1986",
	title = "Markov graphs",
	author = "Frank, Ove and Strauss, David",
	keywords = "Graphic Methods ; Log-linear Models ; Markov Processes",
	month = "September",
	issn = "0162-1459",
	journal = "Journal of the American Statistical Association",
}

@article{WS96,
	pages = "401--425",
	volume = "61",
	publisher = "Springer-Verlag",
	number = "3",
	year = "1996",
	title = "Logit models and logistic regressions for social networks",
	language = "eng",
	address = "New York",
	author = "Wasserman, Stanley and Pattison, Philippa",
	keywords = "categorical data analysis ; social network analysis ; random graphs",
	month = "September",
	journal = "Psychometrika",
}

@techreport{Han03,
	title = "Assessing Degeneracy in Statistical Models of Social Networks",
	author = "Handcock, Mark S.",
	year = "2003",
	month = "December",
	note = "Working Paper no. 39, Center for Statistics and the Social Sciences, Univeristy of Washington, Seattle"

}

@article{HG10,
	journal = "Ann. Appl. Stat.",
	pages = "5--25",
	volume = "4",
	publisher = "The Institute of Mathematical Statistics",
	number = "1",
	year = "2010",
	title = "Modeling social networks from sampled data",
	language = "eng",
	author = "Handcock, Mark S. and Gile, Krista J.",
	keywords = "Exponential Family Random Graph Model ; P* Model ; Markov Chain Monte Carlo ; Design-Based Inference",
	month = "March",
}


@article{Jon99,
	pages = "852--867",
	volume = "36",
	publisher = "Applied Probability Trust",
	number = "3",
	year = "1999",
	title = "The Random Triangle Model",
	language = "eng",
	author = "Jonasson, Johan",
	keywords = "Mathematics;",
	month = "September",
	journal = "Journal of Applied Probability",
}

@book{LKR12,
	publisher = "Cambridge University Press",
	year = "2012",
	title = "Exponential Random Graph Models for Social Networks : Theory, Methods, and Applications",
	address = "Cambridge",
	author = "Lusher, Dean and Koskinen, Johan and Robins, Garry",
	keywords = "Sociology ; Research Methods in Sociology and Criminology ; Organisation Studies",
}

@article{CF11,
	issn = "0378-8733",
	journal = "Social Networks",
	pages = "41--55",
	volume = "33",
	publisher = "Elsevier B.V.",
	number = "1",
	year = "2011",
	title = "Bayesian inference for exponential random graph models",
	language = "eng",
	author = "Caimo, Alberto and Friel, Nial",
	keywords = "Exponential Random Graph Models ; Social Network Analysis ; Markov Chain Monte Carlo",
}

@article{BFM17,
	title = "Efficient Bayesian inference for exponential random graph models by correcting the pseudo-posterior distribution",
	journal = "Social Networks",
	volume = "50",
	pages = "98 - 108",
	year = "2017",
	issn = "0378-8733",
	doi = "https://doi.org/10.1016/j.socnet.2017.03.013",
	url = "http://www.sciencedirect.com/science/article/pii/S0378873315301489",
	author = "Lampros Bouranis and Nial Friel and Florian Maire",
	keywords = "Exponential random graph models, Intractable normalizing constants, Large networks, Logistic regression, Pseudolikelihood, Tractable approximation"
}

@article{MGM12,
	year = "2012",
	title = "MCMC for doubly-intractable distributions",
	author = "Murray, Iain and Ghahramani, Zoubin and MacKay, David",
	keywords = "Statistics - Computation ; Statistics - Methodology",
	month = "June",
}

% ERGMs - Applications

@article{GKM09,
	journal = "Demography",
	pages = "103--125",
	volume = "46",
	number = "1",
	year = "2009",
	title = "Birds of a Feather, Or Friend of a Friend?: Using Exponential Random Graph Models to Investigate Adolescent Social Networks",
	author = "Goodreau, Steven M and Kitts, James A and Morris, Martina",
	keywords = "Teenagers -- Social Networks -- United States -- Longitudinal Studies ; Friendship In Adolescence -- United States -- Longitudinal Studies",
}

@article{EBB10,
	volume = "11",
	publisher = "BioMed Central",
	number = "1",
	year = "2010",
	title = "Bayesian statistical modelling of human protein interaction network incorporating protein disorder information",
	language = "eng",
	author = "Eils Roland and Bulashevska Alla and Bulashevska Svetlana",
	keywords = "Biology (General) ; Qh301-705.5 ; Science ; Computer Applications to Medicine. Medical Informatics ; R858-859.7 ; Biology",
	month = "January",
	journal = "BMC Bioinformatics",
}

@article{Sin+16,
	pages = "79--91",
	volume = "135",
	publisher = "Elsevier Inc.",
	year = "2016",
	title = "Bayesian exponential random graph modeling of whole-brain structural networks across lifespan",
	language = "eng",
	author = "Sinke, Michel R.T. and Dijkhuizen, Rick M. and Caimo, Alberto and Stam, Cornelis J. and Otte, Willem M.",
	keywords = "Bayesian Statistics  Connectome ; Aging ; Diffusion Tensor Imaging ; Tractography ; Generative Network Analysis",
	month = "July",
	journal = "NeuroImage",
}

@article{UHH13,
	pages = "25--41",
	volume = "19",
	publisher = "Springer US",
	number = "1",
	year = "2013",
	title = "Exploring communication networks to understand organizational crisis using exponential random graph models",
	language = "eng",
	address = "Boston",
	author = "Uddin, Shahadat and Hamra, Jafar and Hossain, Liaquat",
	keywords = "Social networks ; Email communications ; Exponential random graph models ; models ; Statistical models for social networks ; Organizational disintegration",
	month = "March",
	journal = "Computational and Mathematical Organization Theory",
}

% Differentially Private Inference in exponential random graph models

@article{KKS17,
	journal = "Journal of the Royal Statistical Society: Series C (Applied Statistics)",
	pages = "481--500",
	volume = "66",
	number = "3",
	year = "2017",
	title = "Sharing social network data: differentially private estimation of exponential family random graph models",
	author = "Karwa, Vishesh and Krivitsky, Pavel N. and Slavkovic, Aleksandra B.",
	keywords = "Differential Privacy ; Enron Email Corpus ; Exponential Family Random Graph Models ; Missing Data ; Randomized Response ; Synthetic Graphs",
	month = "April",
}


@article{KS16,
	journal = "Annals of Statistics",
	volume = "44",
	publisher = "Institute of Mathematical Statistics",
	number = "1",
	year = "2016",
	title = "Inference using noisy degrees: Differentially private {$\beta$}-model and synthetic graphs",
	language = "eng",
	address = "Hayward",
	author = "Karwa, Vishesh and Slavkovic, Aleksandra",
	keywords = "Studies ; Graph Theory ; Mathematical Models ; Statistical Inference ; Algorithms ; Privacy ; Experiment/Theoretical Treatment",
	month = "February",
}

@inproceedings{LM14,
	pages = "921--930",
	publisher = "ACM",
	booktitle = "Proceedings of the 20th ACM SIGKDD international conference on knowledge discovery and data mining",
	year = "2014",
	title = "Exponential random graph estimation under differential privacy",
	language = "eng",
	author = "Lu, Wentian and Miklau, Gerome",
	keywords = "Differential Privacy ; Exponential Random Graph Model ; Computer Science",
	month = "August",
}


% General Differential Privacy

@inproceedings{DMNS06,
	pages = "265--284",
	publisher = "Springer",
	booktitle = "Proceedings of the 3rd Theroy of Cryptography Conference",
	year = "2006",
	title = "Calibrating noise to sensitivity in private data analysis",
	author = "Dwork, Cynthia and Mcsherry, Frank and Nissim, Kobbi and Smith, Adam",
}

@inproceedings{N17,
	title="Differential Privacy : A Primer for a Nontechnical Audience",
	author="Kobbi Nissim and Thomas Steinke and Alexandra Wood and Mark Bun and Marco Gaboardi and David R. Oâ€™Brien and Salil P. Vadhan and Deborah M Hurley and Georgios Kellaris and Daniel Muise",
	year="2017"
}

@inproceedings{MT07,
	pages = "94--103",
	publisher = "IEEE",
	year = "2007",
	title = "Mechanism Design via Differential Privacy",
	language = "eng",
	author = "Mcsherry, F. and Talwar, K.",
	keywords = "Computing and Processing",
	month = "October",
	journal = "Foundations of Computer Science, 2007. FOCS '07. 48th Annual IEEE Symposium on",
}

@article{War65,
	pages = "63--69",
	volume = "60",
	publisher = "Taylor \& Francis Group",
	number = "309",
	year = "1965",
	title = "Randomized Response: A Survey Technique for Eliminating Evasive Answer Bias",
	author = "Warner, Stanley L.",
	keywords = "Data Collection; Questionnaire Design; Randomized Response Technic; Research Methodology; Sampling Studies; Studies; Survey Methodology; Surveys; Data Collection;",
	month = "March",
	journal = "Journal of the American Statistical Association",
}

@inproceedings{NRS07,
	series = "STOC '07",
	pages = "75--84",
	publisher = "ACM",
	booktitle = "Proceedings of the thirty-ninth annual ACM symposium on theory of computing",
	year = "2007",
	title = "Smooth sensitivity and sampling in private data analysis",
	language = "eng",
	author = "Nissim, Kobbi and Raskhodnikova, Sofya and Smith, Adam",
	keywords = "Clustering ; Output Perturbation ; Privacy Preserving Data Mining ; Private Data Analysis ; Sensitivity ; Computer Science",
	month = "June",
}

% Restricted sensitivity/over graphs

@InProceedings{KNRS13,
	author="Kasiviswanathan, Shiva Prasad
	and Nissim, Kobbi
	and Raskhodnikova, Sofya
	and Smith, Adam",
	editor="Sahai, Amit",
	title="Analyzing Graphs with Node Differential Privacy",
	booktitle="Theory of Cryptography",
	year="2013",
	publisher="Springer Berlin Heidelberg",
	address="Berlin, Heidelberg",
	pages="457--476",
}


@inproceedings{BBDS13,
	series = "ITCS '13",
	pages = "87--96",
	publisher = "ACM",
	booktitle = "Proceedings of the 4th conference on innovations in theoretical computer science",
	year = "2013",
	title = "Differentially private data analysis of social networks via restricted sensitivity",
	language = "eng",
	author = "Blocki, Jeremiah and Blum, Avrim and Datta, Anupam and Sheffet, Or",
	keywords = "Differential Privacy ; Social Networks ; Computer Science",
	month = "January",
}

@article{KRSY14,
	journal = "ACM Transactions on Database Systems (TODS)",
	pages = "1--33",
	volume = "39",
	publisher = "ACM",
	number = "3",
	year = "2014",
	title = "Private Analysis of Graph Structure",
	language = "eng",
	author = "Karwa, Vishesh and Raskhodnikova, Sofya and Smith, Adam and Yaroslavtsev, Grigory",
	keywords = "Statistical Data Privacy ; Differential Privacy ; Graph Algorithms ; Social Network Analysis ; Sciences (General) ; Computer Science",
	month = "October",
}

@inproceedings{MW12,
	series = "EDBT-ICDT '12",
	pages = "167--176",
	publisher = "ACM",
	booktitle = "Proceedings of the 2012 Joint EDBT/ICDT Workshops",
	year = "2012",
	title = "A differentially private estimator for the stochastic Kronecker graph model",
	language = "eng",
	author = "Mir, Darakhshan and Wright, Rebecca",
	keywords = "Information Theory ; Privacy ; Computer Science",
	month = "March",
}

@inproceedings{HLMJ09,
	pages = "169--178",
	publisher = "IEEE Publishing",
	year = "2009",
	title = "Accurate Estimation of the Degree Distribution of Private Networks",
	language = "eng",
	author = "Hay, Michael and Li, Chao and Miklau, Gerome and Jensen, David",
	month = "December",
	journal = "Data Mining, 2009. ICDM '09. Ninth IEEE International Conference on",
}


% Bayesian analysis

@article{FGWC16,
	year = "2016",
	title = "On the Theory and Practice of Privacy-Preserving Bayesian Data Analysis",
	author = "Foulds, James and Geumlek, Joseph and Welling, Max and Chaudhuri, Kamalika",
	keywords = "Computer Science - Learning ; Computer Science - Artificial Intelligence ; Computer Science - Cryptography And Security ; Statistics - Machine Learning",
	month = "March",
}

@book{GL06,
	pages = "xvii--xvii",
	year = "2006",
	title = "Markov chain Monte Carlo: stochastic simulation for Bayesian inference",
	language = "eng",
	author = "Gamerman, Dani and Lopes, Hedibert",
	keywords = "Markovian Processes ; Monte Carlo Simulation ; Bayesian Method ; Decision Theory ; Markov Analysis",
	month = "January",
}

% Privacy motivations

@article{JM09,
	author = "Carter Jernigan and Behram Mistree",
	title = "Gaydar: Facebook friendships expose sexual orientation",
	journal = "First Monday",
	volume = "14",
	number = "10",
	year = "2009",
}

@article{BDK11,
	issn = "0001-0782",
	journal = "Communications of the ACM",
	pages = "133--141",
	volume = "54",
	publisher = "ACM",
	number = "12",
	year = "2011",
	title = "Wherefore art thou R3579X?: anonymized social networks, hidden patterns, and structural steganography",
	language = "eng",
	author = "Backstrom, Lars and Dwork, Cynthia and Kleinberg, Jon",
	keywords = "Engineering ; Computer Science ; Mathematics",
	month = "December",
}

@inproceedings{BK14,
	series = "CSCW '14",
	pages = "831--841",
	publisher = "ACM",
	booktitle = "Proceedings of the 17th ACM conference on computer supported cooperative work \& social computing",
	year = "2014",
	title = "Romantic partnerships and the dispersion of social ties: a network analysis of relationship status on facebook",
	language = "eng",
	author = "Backstrom, Lars and Kleinberg, Jon",
	keywords = "Romantic Relationships ; Social Networks ; Business",
	month = "February",
}

@article{NSR11,
	year = "2011",
	title = "Link Prediction by De-anonymization: How We Won the Kaggle Social Network Challenge",
	author = "Narayanan, Arvind and Shi, Elaine and Rubinstein, Benjamin I. P.",
	keywords = "Computer Science - Cryptography And Security ; Computer Science - Learning",
	month = "February",
}

@inproceedings{NS09,
	author = "Narayanan, Arvind and Shmatikov, Vitaly",
	title = "De-anonymizing Social Networks",
	booktitle = "Proceedings of the 2009 30th IEEE Symposium on Security and Privacy",
	series = "SP '09",
	year = "2009",
	pages = "173--187",
	publisher = "IEEE Computer Society",
	address = "Washington, DC, USA",
	keywords = "social networks, anonymity, privacy",
}

@misc{nytimes, 
	title="How Trump Consultants Exploited the Facebook Data of Millions", url="https://www.nytimes.com/2018/03/17/us/politics/cambridge-analytica-trump-campaign.html", journal="The New York Times", 
	publisher="The New York Times", 
	author="Rosenberg, Matthew and Confessore, Nicholas and Cadwalladr, Carole", 
	year="2018", 
	month="Mar"
}

% Packages
 @article{ergm,
	title = "ergm: A Package to Fit, Simulate and Diagnose
	Exponential-Family Models for Networks",
	author = "David R. Hunter and Mark S. Handcock and Carter T. Butts
	and Steven M. Goodreau and Martina Morris",
	journal = "Journal of Statistical Software",
	year = "2008",
	volume = "24",
	number = "3",
	pages = "1--29",
}

 @article{Bergm,
	title = "Bergm: Bayesian Exponential Random Graphs in R",
	author = "Alberto Caimo and Nial Friel",
	journal = "Journal of Statistical Software",
	year = "2014",
	volume = "61",
	number = "2",
	pages = "1--25",
	url = "http://www.jstatsoft.org/v61/i02/"
}

% Related non-inference work
@article{WWZX12,
	title="On learning cluster coefficient of private networks",
	author="Yue Wang and Xintao Wu and Jun Zhu and Yang Xiang",
	journal="2012 IEEE/ACM International Conference on Advances in Social Networks Analysis and Mining",
	year="2012",
	pages="395-402"
}

@inproceedings{WNM16,
	title="Publishing Graph Degree Distribution with Node Differential Privacy",
	author="Wei-Yen Day and Ninghui Li and Min Lyu",
	booktitle="SIGMOD Conference",
	year="2016"
}

@inproceedings{HLMJ09, 
	author="M. Hay and C. Li and G. Miklau and D. Jensen", 
	booktitle="2009 Ninth IEEE International Conference on Data Mining", 
	title="Accurate Estimation of the Degree Distribution of Private Networks", 
	year="2009", 
	volume="", 
	number="", 
	pages="169-178", 
	keywords="data privacy;estimation theory;graph theory;social networking (online);accurate estimation;conventional techniques;degree distribution;differential privacy;empirical analysis;private estimate;private networks;real graph;synthetic graphs;theoretical analysis;Algorithm design and analysis;Analysis of variance;Chaotic communication;Communication networks;Computer science;Data mining;Data privacy;Diseases;Distortion measurement;Social network services;differential privacy;privacy;privacy-preserving data mining;social networks", 
	month="Dec",
}
